% This file was created with JabRef 2.4.2.
% Encoding: UTF8

@book{MoSCoW,
  edition = {2nd},
  title = {A Guide to the Business Analysis Body of Knowledge},
  isbn = {978-0-9811292-1-1},
  publisher = {International Institute of Business Analysis},
  author = {International Institute of Business Analysis, Kevin Brennan},
  year = {2009}
}
